ISA*00*          *00*          *ZZ*UCP005         *ZZ*UHC0003        *20250727*0424*^*00501*349392123*0*T*:~GS*HP*UCP005*UHC0003*20250625*2143*559527543*X*005010X222A1~ST*835*428415941~BPR*I*15959.00*C*ACH*CCP*01*123456789*DA*987654321*UHC0003**01*987654321*DA*123456789*20250615~TRN*1*EFT136191770*UHC0003~N1*PR*UNITED HEALTHCARE~N3*3169 INSURANCE BLVD~N4*PHOENIX*AZ*22259~SE*9*428415941~GE*1*559527543~IEA*1*896008268~