ISA*00*          *00*          *ZZ*MSC001         *ZZ*CIGNA04        *20250920*0520*^*00501*176552562*0*T*:~GS*HP*MSC001*CIGNA04*20250910*1345*841303401*X*005010X222A1~ST*835*580094136~BPR*I*39755.00*C*ACH*CCP*01*123456789*DA*987654321*CIGNA04**01*987654321*DA*123456789*20250610~TRN*1*EFT401069623*CIGNA04~N1*PR*CIGNA HEALTHCARE~N3*8938 INSURANCE BLVD~N4*PHOENIX*AZ*60109~SE*9*580094136~GE*1*841303401~IEA*1*843783214~