ISA*00*          *00*          *ZZ*MSC001         *ZZ*CIGNA04        *20250619*0301*^*00501*153871920*0*T*:~GS*HP*MSC001*CIGNA04*20250621*2230*908439605*X*005010X222A1~ST*835*435460309~BPR*I*30499.00*C*ACH*CCP*01*123456789*DA*987654321*CIGNA04**01*987654321*DA*123456789*20250912~TRN*1*EFT243315923*CIGNA04~N1*PR*CIGNA HEALTHCARE~N3*5287 INSURANCE BLVD~N4*DENVER*CO*67536~SE*9*435460309~GE*1*908439605~IEA*1*539100590~