ISA*00*          *00*          *ZZ*SPC004         *ZZ*CIGNA04        *20250608*0659*^*00501*672412048*0*T*:~GS*HP*SPC004*CIGNA04*20250609*0155*729353441*X*005010X222A1~ST*835*767015199~BPR*I*46710.00*C*ACH*CCP*01*123456789*DA*987654321*CIGNA04**01*987654321*DA*123456789*20250803~TRN*1*EFT984476216*CIGNA04~N1*PR*CIGNA HEALTHCARE~N3*3384 INSURANCE BLVD~N4*CHICAGO*IL*69886~SE*9*767015199~GE*1*729353441~IEA*1*376968535~