ISA*00*          *00*          *ZZ*FCC003         *ZZ*BCBS001        *20250612*1145*^*00501*446937739*0*T*:~GS*HP*FCC003*BCBS001*20250607*1355*798968589*X*005010X222A1~ST*835*783847831~BPR*I*11602.00*C*ACH*CCP*01*123456789*DA*987654321*BCBS001**01*987654321*DA*123456789*20250808~TRN*1*EFT389851560*BCBS001~N1*PR*BLUE CROSS BLUE SHIELD~N3*4485 INSURANCE BLVD~N4*DENVER*CO*77017~SE*9*783847831~GE*1*798968589~IEA*1*545008693~