ISA*00*          *00*          *ZZ*UCP005         *ZZ*BCBS001        *20250915*1316*^*00501*853170343*0*T*:~GS*HP*UCP005*BCBS001*20250813*1900*659802584*X*005010X222A1~ST*835*621356615~BPR*I*35411.00*C*ACH*CCP*01*123456789*DA*987654321*BCBS001**01*987654321*DA*123456789*20250909~TRN*1*EFT157252029*BCBS001~N1*PR*BLUE CROSS BLUE SHIELD~N3*2845 INSURANCE BLVD~N4*ATLANTA*GA*76041~SE*9*621356615~GE*1*659802584~IEA*1*273927966~