ISA*00*          *00*          *ZZ*UCP005         *ZZ*CIGNA04        *20250911*0525*^*00501*537033782*0*T*:~GS*HP*UCP005*CIGNA04*20250915*1645*683082571*X*005010X222A1~ST*835*329368380~BPR*I*9809.00*C*ACH*CCP*01*123456789*DA*987654321*CIGNA04**01*987654321*DA*123456789*20250821~TRN*1*EFT512332564*CIGNA04~N1*PR*CIGNA HEALTHCARE~N3*5189 INSURANCE BLVD~N4*DENVER*CO*63833~SE*9*329368380~GE*1*683082571~IEA*1*853885824~