ISA*00*          *00*          *ZZ*FCC003         *ZZ*BCBS001        *20250725*0048*^*00501*937060819*0*T*:~GS*HP*FCC003*BCBS001*20250826*1700*407491143*X*005010X222A1~ST*835*188532312~BPR*I*18377.00*C*ACH*CCP*01*123456789*DA*987654321*BCBS001**01*987654321*DA*123456789*20250911~TRN*1*EFT881889414*BCBS001~N1*PR*BLUE CROSS BLUE SHIELD~N3*6706 INSURANCE BLVD~N4*ATLANTA*GA*60790~SE*9*188532312~GE*1*407491143~IEA*1*361769205~