ISA*00*          *00*          *ZZ*MSC001         *ZZ*HUMANA5        *20250730*0401*^*00501*764677553*0*T*:~GS*HP*MSC001*HUMANA5*20250825*1105*404594847*X*005010X222A1~ST*835*226666597~BPR*I*28809.00*C*ACH*CCP*01*123456789*DA*987654321*HUMANA5**01*987654321*DA*123456789*20250611~TRN*1*EFT640091799*HUMANA5~N1*PR*HUMANA MEDICAL~N3*8879 INSURANCE BLVD~N4*DALLAS*TX*27096~SE*9*226666597~GE*1*404594847~IEA*1*244226321~