ISA*00*          *00*          *ZZ*FCC003         *ZZ*HUMANA5        *20250916*0325*^*00501*441252066*0*T*:~GS*HP*FCC003*HUMANA5*20250701*0738*255627011*X*005010X222A1~ST*835*790503028~BPR*I*23947.00*C*ACH*CCP*01*123456789*DA*987654321*HUMANA5**01*987654321*DA*123456789*20250922~TRN*1*EFT319019610*HUMANA5~N1*PR*HUMANA MEDICAL~N3*3918 INSURANCE BLVD~N4*DALLAS*TX*86668~SE*9*790503028~GE*1*255627011~IEA*1*229825452~