ISA*00*          *00*          *ZZ*UCP005         *ZZ*CIGNA04        *20250709*2008*^*00501*774652966*0*T*:~GS*HP*UCP005*CIGNA04*20250727*2029*486194438*X*005010X222A1~ST*835*123923063~BPR*I*49546.00*C*ACH*CCP*01*123456789*DA*987654321*CIGNA04**01*987654321*DA*123456789*20250805~TRN*1*EFT340531324*CIGNA04~N1*PR*CIGNA HEALTHCARE~N3*2474 INSURANCE BLVD~N4*ATLANTA*GA*31524~SE*9*123923063~GE*1*486194438~IEA*1*331238038~