ISA*00*          *00*          *ZZ*DTH002         *ZZ*BCBS001        *20250902*1252*^*00501*241620085*0*T*:~GS*HP*DTH002*BCBS001*20250901*1035*842763832*X*005010X222A1~ST*835*357941745~BPR*I*2200.00*C*ACH*CCP*01*123456789*DA*987654321*BCBS001**01*987654321*DA*123456789*20250929~TRN*1*EFT684563667*BCBS001~N1*PR*BLUE CROSS BLUE SHIELD~N3*5120 INSURANCE BLVD~N4*DALLAS*TX*42592~SE*9*357941745~GE*1*842763832~IEA*1*662619069~