ISA*00*          *00*          *ZZ*FCC003         *ZZ*AETNA02        *20250808*1339*^*00501*277880164*0*T*:~GS*HP*FCC003*AETNA02*20250927*0201*287322705*X*005010X222A1~ST*835*805757985~BPR*I*20285.00*C*ACH*CCP*01*123456789*DA*987654321*AETNA02**01*987654321*DA*123456789*20250713~TRN*1*EFT582969978*AETNA02~N1*PR*AETNA HEALTH PLANS~N3*1462 INSURANCE BLVD~N4*DALLAS*TX*38821~SE*9*805757985~GE*1*287322705~IEA*1*462300649~