ISA*00*          *00*          *ZZ*SENDER01       *ZZ*RECEIVER01     *20251004*0034*^*00501*875614363*0*T*:~GS*HP*SENDER01*RECEIVER01*20250823*1415*721213476*X*005010X222A1~ST*835*210582472~BPR*I*1500.00*C*ACH*CCP***********20250827~TRN*1*744387673*1234567890~SE*6*210582472~GE*1*865609275~IEA*1*262555107~