ISA*00*          *00*          *ZZ*SENDER01       *ZZ*RECEIVER01     *20250906*2059*^*00501*111672888*0*T*:~GS*HP*SENDER01*RECEIVER01*20250818*2130*712724614*X*005010X222A1~ST*835*115578298~BPR*I*1500.00*C*ACH*CCP***********20250825~TRN*1*138954383*1234567890~SE*6*115578298~GE*1*430047599~IEA*1*855298779~