ISA*00*          *00*          *ZZ*SENDER01       *ZZ*RECEIVER01     *20250815*2108*^*00501*965830182*0*T*:~GS*HP*SENDER01*RECEIVER01*20250810*0630*893180451*X*005010X222A1~ST*835*910471090~BPR*I*1500.00*C*ACH*CCP***********20250819~TRN*1*997779875*1234567890~SE*6*910471090~GE*1*546628722~IEA*1*480444952~