ISA*00*          *00*          *ZZ*SENDER01       *ZZ*RECEIVER01     *20250814*0640*^*00501*259261157*0*T*:~GS*HP*SENDER01*RECEIVER01*20250807*1309*778526007*X*005010X222A1~ST*835*221609709~BPR*I*1500.00*C*ACH*CCP***********20250904~TRN*1*112120153*1234567890~SE*6*221609709~GE*1*239953324~IEA*1*379837397~